@Article{violaJones,
author = {Paul Viola and Michael Jones},
title = {Robust real-time face detection},
journal = {International Journal of Computer Vision},
year = {2004},
volume={57},
number = {2},
pages = {137-154}
}

@Article{thermal,
author = {Suren Kumar and Tim K. Marks and Michael Jones},
title = {Improving Person Tracking Using an Inexpensive Thermal Infrared Sensor},
journal = {CVPR2014 Workshop paper provided by Computer Vision Fondation},
year = {2014},
pages = {217-224}
}

@misc{exampleUse,
author = {Star Trinity},
title = {Face detection applications [Online]},
year = {2014},
howpublished = {Avaliable: \url{http://startrinity.com/VideoRecognition/FaceDetection/FaceDetectionApplications.aspx}},
 note = {[17 November 2014]}
}

@misc{faceCode,
author = {Real Python},
title = {Face Detection in Python Using a Webcam [Online]},
year = {2014},
howpublished = {Avaliable: \url{https://realpython.com/blog/python/face-detection-in-python-using-a-webcam/ }},
 note = {[17 November 2014]}
}

@Article{violaJonesSnow,
author = {Paul Viola and Michael Jones and Daniel Snow},
title = {Detecting Pedestrians Using Patterns of Motion and Appearance},
journal = {International Journal of Computer Vision},
year = {2005},
volume={63},
number = {2},
pages = {153–161}
}

@misc{banana,
author = {Thorsten Ball},
title = {Train your own OpenCV Haar Classifier [Online]},
year = {2013},
howpublished = {Avaliable: \url{http://coding-robin.de/2013/07/22/train-your-own-opencv-haar-classifier.html}},
 note = {[17 November 2014]}
}


@Article{dalalTriggs,
author = {Navneet Dalal and Bill Triggs},
title = {Histograms of Oriented Gradients for Human Detection },
year = {2005},
 note = {Avaliable: http://coding-robin.de/2013/07/22/train-your-own-opencv-haar-classifier.html [17 November 2014]}
}

@Book{book,
author = {Richard Szeliski},
title = { Computer Vision: Algorithms and Applications},
year = {2010},
pages = {655-684}
}


@Article{motionDetection,
author = {Pablo Rivas and Mario I. Chacón},
title = {Real time motion detection for fast human identification based on face recognition},
journal = {CIECE – CITEE},
year = {2006},

}

@Article{occlusions,
author = {Aisha Azeem and Muhammad Sharif and Mudassar Raza and Marryam Murtaza},
title = {A Survey: Face Recognition Techniques under Partial Occlusion},
journal = {The International Arab Journal of Information Technology},
year = {2014},
volume={11},
number = {1},
}

@misc{specularRefelection,
author = {The Physics class room},
title = {Specular vs. Diffuse Reflection [Online]},
year = {2013},
howpublished = {Avaliable: \url{http://www.physicsclassroom.com/class/refln/Lesson-1/Specular-vs-Diffuse-Reflection}},
 note = {[20 November 2014]}
}

@Article{faceRec,
author = {Vincent Christlein and Christian Riess and Elli Angelopoulou and Georgios Evangelopoulos and Ioannis A. Kakadiaris},
title = {The Impact of Specular Highlights on 3D-2D Face Recognition },
 note = {Avaliable: http://web.mit.edu/gevang/www/papers/Christlein\_SpecularHighlights\_SPIE13/Christlein\_Specular Highlights\_SPIE13.pdf [20 November 2014]},

}


